<record><leader>00000cas a22000007a 4500</leader><controlfield tag="001">22804437</controlfield><controlfield tag="008">901207c19159999mauwr ne      0    0eng d</controlfield><datafield ind1=" " ind2=" " tag="010"><subfield code="a">sn 89063389 </subfield></datafield><datafield ind1=" " ind2=" " tag="040"><subfield code="a">MGN</subfield><subfield code="b">eng</subfield><subfield code="c">MGN</subfield><subfield code="d">OCLCQ</subfield></datafield><datafield ind1=" " ind2=" " tag="042"><subfield code="a">msc</subfield></datafield><datafield ind1="0" ind2="0" tag="245"><subfield code="a">Walpole times.</subfield></datafield><datafield ind1="3" ind2="0" tag="246"><subfield code="a">Walpole times the Walpole citizen</subfield></datafield><datafield ind1=" " ind2=" " tag="260"><subfield code="a">Walpole, Mass. :</subfield><subfield code="b">Newspaper committee of the Walpole Improvement Federation and the Walpole board of trade</subfield></datafield><datafield ind1=" " ind2=" " tag="300"><subfield code="a">v.</subfield></datafield><datafield ind1=" " ind2=" " tag="310"><subfield code="a">Weekly,</subfield><subfield code="b">&lt;Mar. 8, 1919&gt;-</subfield></datafield><datafield ind1=" " ind2=" " tag="321"><subfield code="a">Monthly,</subfield><subfield code="b">Mar.-June 1915</subfield></datafield><datafield ind1=" " ind2=" " tag="321"><subfield code="a">Semimonthly,</subfield><subfield code="b">June 26, 1915-&lt;Aug. 31, 1918&gt;</subfield></datafield><datafield ind1="0" ind2=" " tag="362"><subfield code="a">Vol. 1, no. 1 (Mar. 1915)-</subfield></datafield><datafield ind1=" " ind2=" " tag="500"><subfield code="a">Published as: The Walpole times the Walpole citizen, Feb. 16-May 4, 1929.</subfield></datafield><datafield ind1=" " ind2=" " tag="752"><subfield code="a">United States</subfield><subfield code="b">Massachusetts</subfield><subfield code="c">Norfolk</subfield><subfield code="d">Walpole.</subfield></datafield><datafield ind1="0" ind2="5" tag="780"><subfield code="t">Walpole citizen</subfield></datafield></record>